@misc{GU,
title={Servicio de Nombramiento},
howpublished={https://es.slideshare.net/jguerra42/servicio-de-nombramiento},
url={https://es.slideshare.net/jguerra42/servicio-de-nombramiento},
journal={SlideShare},
author={Guerra, Jorge},
year={2015}}

@misc{GP,
title={SISTEMAS DISTRIBUIDOS, Tema 1: Introducci칩n},
url={https://drive.google.com/file/d/1K39zn\_4PsFmfaUqCZRMclFBYAqAXhLuR/view},
howpublished={https://drive.google.com/file/d/1K39zn_4PsFmfaUqCZRMclFBYAqAXhLuR/view},
journal={Propio},
author={Parrales Romay, Guadalupe Lizeth},
year=2020,
urldate={2020-11-01}}

@book{TSO, place={Me패xico}, title={Sistemas distribuidos: principios y paradigmas},pages={891--921},
publisher={Pearson/Prentice-Hall}, author={Tanenbaum, Andrew S. and Steen, Maarten Van. and Octavio Garci패a Pe패rez Jorge and Salas, Rodolfo Navarro}, year={2008}}
